@online{music_role_life,
    author = {Peter J. Rentfrow},
    title = {The Role of Music in Everyday Life: Current Directions in the Social Psychology of Music},
    year = {2012},
    howpublished = {\url{https://compass.onlinelibrary.wiley.com/doi/abs/10.1111/j.1751-9004.2012.00434.x}},
    note = {Accessed: 2025-03-21}
}

@online{music_stats_2024,
    author = {author},
    title = {title},
    date = {date},
    url = {https://www.ifpi.org/wp-content/uploads/2023/12/IFPI-Engaging-With-Music-2023_full-report.pdf},
}

@online{spotify_jam,
    author = {author},
    title = {title},
    date = {date},
    url = {https://support.spotify.com/cz/article/jam/},
}

@online{spotify_recs,
    author = {author},
    title = {title},
    date = {date},
    url = {https://support.spotify.com/cz/article/social-recommendations-in-playlists/},
}

@online{spotify_friend_activ,
    author = {author},
    title = {title},
    date = {date},
    url = {https://support.spotify.com/cz/article/friend-activity/},
}

@online{spotify_party_1,
    author = {author},
    title = {title},
    date = {date},
    url = {https://newsroom.spotify.com/2024-09-12/fans-artists-connections-features/},
}

@online{spotify_party_2,
    author = {author},
    title = {title},
    date = {date},
    url = {https://support.spotify.com/us/article/listening-party/},
}

@online{sc_comments,
    author = {author},
    title = {title},
    date = {date},
    url = {https://help.soundcloud.com/hc/en-us/articles/115003566008-Commenting-basics},
}

@online{sc_reactions,
    author = {author},
    title = {title},
    date = {date},
    url = {https://help.soundcloud.com/hc/en-us/articles/31039497560731-Reactions},
}

@online{sc_reposts,
    author = {author},
    title = {title},
    date = {date},
    url = {https://help.soundcloud.com/hc/en-us/articles/115003567488-Reposting-tracks-or-playlists},
}

@online{mvc,
    author = {author},
    title = {title},
    date = {date},
    url = {https://developer.mozilla.org/en-US/docs/Glossary/MVC},
}

@online{gil,
    author = {author},
    title = {title},
    date = {date},
    url = {https://wiki.python.org/moin/GlobalInterpreterLock},
}

@online{fastapi,
    author = {author},
    title = {title},
    date = {date},
    url = {https://fastapi.tiangolo.com/},
}

@online{django,
    author = {author},
    title = {title},
    date = {date},
    url = {https://www.djangoproject.com/},
}

@online{flask,
    author = {flask},
    title = {title},
    date = {date},
    url = {https://flask.palletsprojects.com/en/stable/},
}

@online{drf,
    author = {author},
    title = {title},
    date = {date},
    url = {https://www.django-rest-framework.org/},
}

@online{django_channels,
    author = {author},
    title = {title},
    date = {date},
    url = {https://channels.readthedocs.io/en/latest/},
}

@online{basic_auth,
    author = {author},
    title = {title},
    date = {date},
    url = {https://datatracker.ietf.org/doc/html/rfc7617},
}

@online{session_auth,
    author = {author},
    title = {title},
    date = {date},
    url = {https://docs.djangoproject.com/en/5.2/topics/http/sessions/},
}

@online{jwt,
    author = {author},
    title = {title},
    date = {date},
    url = {https://datatracker.ietf.org/doc/html/rfc7519},
}

@online{oauth2,
    author = {author},
    title = {title},
    date = {date},
    url = {https://datatracker.ietf.org/doc/html/rfc6749},
}